<?xml version="1.0" encoding="UTF-8"?><collection xmlns="http://www.loc.gov/MARC21/slim"><record><leader>00402nam--2200145-i-4500</leader><controlfield tag="001">000001758</controlfield><controlfield tag="002">20161230</controlfield><controlfield tag="005">20161230201024</controlfield><controlfield tag="008">060222s1000------------r-----000-0-eng-d</controlfield><datafield ind1=" " ind2=" " tag="080"><subfield code="a">551.495</subfield></datafield><datafield ind1=" " ind2=" " tag="245"><subfield code="a">Ground water problems.proceedings</subfield></datafield><datafield ind1=" " ind2=" " tag="260"><subfield code="a">Oxford, Pergamon Press, 1968. Vi + 223 P</subfield></datafield><datafield ind1=" " ind2=" " tag="490"><subfield code="a">Wenner-gren Center International Symposium Series</subfield></datafield><datafield ind1=" " ind2=" " tag="700"><subfield code="a">Eriksson, E./S.A.</subfield></datafield><datafield ind1=" " ind2=" " tag="852"><subfield code="a">32431</subfield></datafield></record></collection>